@article{Brown2010,
 author = {Brown, Emery N. and Lydic, Ralph and Schiff, Nicholas D.},
 journal = {New England Journal of Medicine},
 month = {},
 number = {27},
 pages = {2638--2650},
 title = {{General Anesthesia, Sleep, and Coma}},
 volume = {363},
 year = {2010},
}

